@inproceedings{96bytes,
 author = {Taylor, Stuart and Keskin, Cem and Hilliges, Otmar and Izadi, Shahram and Helmes, John},
 title = {Type-hover-swipe in 96 Bytes: A Motion Sensing Mechanical Keyboard},
 booktitle = {},
 series = {CHI '14},
 year = {2014},
 isbn = {978-1-4503-2473-1},
 location = {Toronto, Ontario, Canada},
 pages = {1695--1704},
 numpages = {10},
 url = {http://doi.acm.org/10.1145/2556288.2557030},
 doi = {10.1145/2556288.2557030},
 acmid = {2557030},
 publisher = {ACM},
 address = {New York, NY, USA},
 keywords = {gesture recognition, input devices, keyboard},
} 

@inproceedings{TouchNType,
AUTHOR = "Wolfgang Fallot-Burghardt and Morten Fjeld and C. Speirs and S. Ziegenspeck and Helmut Krueger and Thomas LÃ¤ubli",
TITLE = "Touch\&Type: a novel pointing device for notebook computers",
BOOKTITLE = "NordiCHI'06",
PAGES = {465-468},
YEAR = {2006}, 
}

@inproceedings{ThumbSense,
 author = {Rekimoto, Jun},
 title = {ThumbSense: Automatic Input Mode Sensing for Touchpad-based Interactions},
 series = {CHI EA '03},
 year = {2003},
 isbn = {1-58113-637-4},
 location = {Ft. Lauderdale, Florida, USA},
 pages = {852--853},
 numpages = {2},
 url = {http://doi.acm.org/10.1145/765891.766031},
 doi = {10.1145/765891.766031},
 acmid = {766031},
 publisher = {ACM},
 address = {New York, NY, USA},
 keywords = {mode sensing, touch-sensitive user interfaces, touchpad},
} 

@inproceedings{DTGS,
 author = {Habib, Iman and Berggren, Niklas and Rehn, Erik and Josefsson, Gustav and Kunz, Andreas and Fjeld, Morten},
 title = {DGTS: Integrated Typing and Pointing},
 series = {INTERACT '09},
 year = {2009},
 isbn = {978-3-642-03657-6},
 location = {Uppsala, Sweden},
 pages = {232--235},
 numpages = {4},
 url = {http://dx.doi.org/10.1007/978-3-642-03658-3_30},
 doi = {10.1007/978-3-642-03658-3_30},
 acmid = {1616255},
 publisher = {Springer-Verlag},
 address = {Berlin, Heidelberg},
 keywords = {Capacitive sensing, multi pointer, pointing, touchpad, typing},
} 

@inproceedings{smartskin,
 author = {Rekimoto, Jun},
 title = {SmartSkin: An Infrastructure for Freehand Manipulation on Interactive Surfaces},
 series = {CHI '02},
 year = {2002},
 isbn = {1-58113-453-3},
 location = {Minneapolis, Minnesota, USA},
 pages = {113--120},
 numpages = {8},
 url = {http://doi.acm.org/10.1145/503376.503397},
 doi = {10.1145/503376.503397},
 acmid = {503397},
 publisher = {ACM},
 address = {New York, NY, USA},
 keywords = {augmented tables, gesture recognition, interactive surfaces, touch-sensitive interfaces, two-handed interfaces},
} 